@misc{wiki2021covid19,
  author = {{Wikipedia contributors}},
  title  = {COVID-19 pandemic by country and territory --- {Wikipedia}{,} The Free Encyclopedia},
  year   = {2021},
  url    = {https://en.wikipedia.org/w/index.php?title=COVID-19_pandemic_by_country_and_territory&oldid=1044966507},
  note   = {[Online; accessed 19-September-2021]}
}

@article{xue2021exploring,
  title={Exploring Self-Supervised Representation Ensembles for COVID-19 Cough Classification},
  author={Xue, Hao and Salim, Flora D},
  journal={arXiv preprint arXiv:2105.07566},
  year={2021}
}

@article{sitaula2021attention,
  title={Attention-based VGG-16 model for COVID-19 chest X-ray image classification},
  author={Sitaula, Chiranjibi and Hossain, Mohammad Belayet},
  journal={Applied Intelligence},
  volume={51},
  number={5},
  pages={2850--2863},
  year={2021},
  publisher={Springer}
}

@article{rahimzadeh2020modified,
  title={A modified deep convolutional neural network for detecting COVID-19 and pneumonia from chest X-ray images based on the concatenation of Xception and ResNet50V2},
  author={Rahimzadeh, Mohammad and Attar, Abolfazl},
  journal={Informatics in Medicine Unlocked},
  volume={19},
  pages={100360},
  year={2020},
  publisher={Elsevier}
}

@article{schuller2020detecting,
  title={Detecting COVID-19 from breathing and coughing sounds using deep neural networks},
  author={Schuller, Bj{\"o}rn W and Coppock, Harry and Gaskell, Alexander},
  journal={arXiv preprint arXiv:2012.14553},
  year={2020}
}

@article{brown2020exploring,
  title={Exploring automatic diagnosis of COVID-19 from crowdsourced respiratory sound data},
  author={Brown, Chlo{\"e} and Chauhan, Jagmohan and Grammenos, Andreas and Han, Jing and Hasthanasombat, Apinan and Spathis, Dimitris and Xia, Tong and Cicuta, Pietro and Mascolo, Cecilia},
  journal={arXiv preprint arXiv:2006.05919},
  year={2020}
}

@article{mansour2021unsupervised,
  title={Unsupervised deep learning based variational autoencoder model for COVID-19 diagnosis and classification},
  author={Mansour, Romany F and Escorcia-Gutierrez, Jos{\'e} and Gamarra, Margarita and Gupta, Deepak and Castillo, Oscar and Kumar, Sachin},
  journal={Pattern Recognition Letters},
  volume={151},
  pages={267--274},
  year={2021},
  publisher={Elsevier}
}

@article{teh2021open,
  title={Open-Set Audio Classification with Limited Training Resources based on Augmentation Enhanced Variational Auto-Encoder GAN with Detection-Classification Joint Training},
  author={Teh, Kah Kuan and Tran, Huy Dat},
  journal={Proc. Interspeech 2021},
  pages={4169--4173},
  year={2021}
}

@inproceedings{hassan2020covid,
  title={Covid-19 detection system using recurrent neural networks},
  author={Hassan, Abdelfatah and Shahin, Ismail and Alsabek, Mohamed Bader},
  booktitle={2020 International Conference on Communications, Computing, Cybersecurity, and Informatics (CCCI)},
  pages={1--5},
  year={2020},
  organization={IEEE}
}

@article{pahar2021covid,
  title={COVID-19 Cough Classification using Machine Learning and Global Smartphone Recordings},
  author={Pahar, Madhurananda and Klopper, Marisa and Warren, Robin and Niesler, Thomas},
  journal={Computers in Biology and Medicine},
  pages={104572},
  year={2021},
  publisher={Elsevier}
}

@article{phan2017audio,
  title={Audio scene classification with deep recurrent neural networks},
  author={Phan, Huy and Koch, Philipp and Katzberg, Fabrice and Maass, Marco and Mazur, Radoslaw and Mertins, Alfred},
  journal={arXiv preprint arXiv:1703.04770},
  year={2017}
}

@misc{coswara,
  title={Coswara Data},
  howpublished={https://github.com/iiscleap/Coswara-Data},
}

@misc{pyspeech,
  title={Python Speech Features Library},
  howpublished={https://github.com/jameslyons/python\_speech\_features},
}

@article{doersch2016tutorial,
  title={Tutorial on variational autoencoders},
  author={Doersch, Carl},
  journal={arXiv preprint arXiv:1606.05908},
  year={2016}
}

@article{ji2020multi,
  title={Multi-Modal Anomaly Detection for Unstructured and Uncertain Environments},
  author={Ji, Tianchen and Vuppala, Sri Theja and Chowdhary, Girish and Driggs-Campbell, Katherine},
  journal={arXiv preprint arXiv:2012.08637},
  year={2020}
}

@misc{kerasVAE,
  title={Variational AutoEncoder},
  howpublished={https://keras.io/examples/generative/vae/},
}

@misc{mediumVAE,
  title={Image Classification Using the Variational Autoencoder},
  howpublished={https://medium.com/analytics-vidhya/activity-detection-using-the-variational-autoencoder-d2b017da1a88},
}

@misc{linkedinVAE,
  title={Supervised Variational Autoencoder},
  howpublished={https://www.linkedin.com/pulse/supervised-variational-autoencoder-code-included-ibrahim-sobh-phd},
}

@article{cho2014properties,
  title={On the properties of neural machine translation: Encoder-decoder approaches},
  author={Cho, Kyunghyun and Van Merri{\"e}nboer, Bart and Bahdanau, Dzmitry and Bengio, Yoshua},
  journal={arXiv preprint arXiv:1409.1259},
  year={2014}
}

@article{gong2021psla,
  title={Psla: Improving audio tagging with pretraining, sampling, labeling, and aggregation},
  author={Gong, Yuan and Chung, Yu-An and Glass, James},
  journal={IEEE/ACM Transactions on Audio, Speech, and Language Processing},
  year={2021},
  publisher={IEEE}
}

@article{hochreiter1997lstm,
  title={Long short-term memory},
  author={Hochreiter, Sepp and Schmidhuber, J{\"u}rgen},
  journal={Neural computation},
  volume={9},
  number={8},
  pages={1735--1780},
  year={1997},
  publisher={MIT Press}
}

@article{devlin2018bert,
  title={Bert: Pre-training of deep bidirectional transformers for language understanding},
  author={Devlin, Jacob and Chang, Ming-Wei and Lee, Kenton and Toutanova, Kristina},
  journal={arXiv preprint arXiv:1810.04805},
  year={2018}
}

@article{floridi2020gpt,
  title={GPT-3: Its nature, scope, limits, and consequences},
  author={Floridi, Luciano and Chiriatti, Massimo},
  journal={Minds and Machines},
  volume={30},
  number={4},
  pages={681--694},
  year={2020},
  publisher={Springer}
}